<record xmlns="http://www.openarchives.org/OAI/2.0/" xmlns:xsi="http://www.w3.org/2001/XMLSchema-instance"><header><identifier>oai:alma.34CSIC_INST:990012275550204201</identifier><datestamp>2020-02-06T08:41:03Z</datestamp><setSpec>manuscripta</setSpec></header><metadata><record xmlns="http://www.loc.gov/MARC21/slim" xmlns:xsi="http://www.w3.org/2001/XMLSchema-instance" xsi:schemaLocation="http://www.loc.gov/MARC21/slim http://www.loc.gov/standards/marcxml/schema/MARC21slim.xsd"><leader>07690ntm a2200589 i 4500</leader><controlfield tag="005">20181031100344.0</controlfield><controlfield tag="008">100331q1500    sp            000 0 ara d</controlfield><controlfield tag="001">990012275550204201</controlfield><datafield tag="035" ind1=" " ind2=" "><subfield code="a">CSIC001227555</subfield></datafield><datafield tag="035" ind1=" " ind2=" "><subfield code="a">(ES-MaCSI)001227555MAD01-Aleph</subfield></datafield><datafield tag="035" ind1=" " ind2=" "><subfield code="a">(OCoLC)1123536074
</subfield></datafield><datafield tag="040" ind1=" " ind2=" "><subfield code="a">ES-MaCSI</subfield><subfield code="b">spa</subfield></datafield><datafield tag="080" ind1=" " ind2=" "><subfield code="a">091(=411.21)</subfield></datafield><datafield tag="100" ind1="1" ind2=" "><subfield code="a">اَبُو عبْدِاِللهْ بِن سَلَم بن جعفَرَّ اَبُو [ابن] على القضاعى القاضى</subfield></datafield><datafield tag="240" ind1="1" ind2="0"><subfield code="a">كتاب الشهاب</subfield></datafield><datafield tag="245" ind1="1" ind2="0"><subfield code="a">Capítulos sentenciosos y de buenas maneras.</subfield><subfield code="h">[Manuscrito]</subfield></datafield><datafield tag="260" ind1=" " ind2=" "><subfield code="a">[S.l.],</subfield><subfield code="c">[s.f., S. XVI]. Fecha de comienzo de transmisión de la obra, f. 3v: “405” [de la Hégira/S. X era].</subfield></datafield><datafield tag="300" ind1=" " ind2=" "><subfield code="a">138 ff. (una col., 12 líneas por pág. ; seis en árabe y seis en aljamiado, de forma interlineal) :</subfield><subfield code="b">Papel ;</subfield><subfield code="c">18,4 x 13,6 cms (caja: 13,5 x 9,5 cm).</subfield></datafield><datafield tag="490" ind1="0" ind2=" "><subfield code="a">Manuscripta</subfield></datafield><datafield tag="500" ind1=" " ind2=" "><subfield code="a">Incipit: (بعد البسملة). حَدِثْنَا اَبُو عبْدِاِللهْ بِن سَلَمه بن جعفَرَّ [...] قَالَ الحَمْدُلِلهِ اِلْذَدِرَالفَرْدُ الْحَكِيمُ</subfield></datafield><datafield tag="500" ind1=" " ind2=" "><subfield code="a">Explicit: مَلْدِتَ نِفَااَ بَارْغُوَانْسَ. مَخْزِوَلَاقَاضِحٍ. تمت الكتاب الشهاب (والحمدلة)</subfield></datafield><datafield tag="500" ind1=" " ind2=" "><subfield code="a">Tinta negra y roja para títulos de capítulo.</subfield></datafield><datafield tag="500" ind1=" " ind2=" "><subfield code="a">Copista: Desconocido.</subfield></datafield><datafield tag="500" ind1=" " ind2=" "><subfield code="a">Colofón: No.</subfield></datafield><datafield tag="500" ind1=" " ind2=" "><subfield code="a">Características especiales: El trazo empleado para la copia del texto árabe es más grueso que el que presenta el aljamiado. La tabla de materias se incluye, sin título, al comienzo del volumen.</subfield></datafield><datafield tag="500" ind1=" " ind2=" "><subfield code="a">Ilustración: No.</subfield></datafield><datafield tag="500" ind1=" " ind2=" "><subfield code="a">Ilustraciones: Motivos vegetales y cenefas; manecillas; ‘unwān.</subfield></datafield><datafield tag="500" ind1=" " ind2=" "><subfield code="a">Tipo de cuaderno: Sexternos y octoniones.</subfield></datafield><datafield tag="500" ind1=" " ind2=" "><subfield code="a">Deterioros: No.</subfield></datafield><datafield tag="500" ind1=" " ind2=" "><subfield code="a">H. en blanco: 1r-v, 3r, 134v-138v.</subfield></datafield><datafield tag="500" ind1=" " ind2=" "><subfield code="a">H. dañadas, mutiladas, sueltas: Hay una hoja suelta, con anotaciones numéricas y pruebas caligráficas, que no perteneció originariamente al códice.</subfield></datafield><datafield tag="500" ind1=" " ind2=" "><subfield code="a">H. faltan o añadidas: No.</subfield></datafield><datafield tag="500" ind1=" " ind2=" "><subfield code="a">Foliación: 1-137. Moderna, a lápiz, en el margen superior izquierdo de cada folio (incluyendo la primera guarda, aunque no la última). 1-142. De época, a tinta, en ángulo superior derecho del verso de cada folio, comenzando en la primera página de texto (correspondiente a 3v de la foliación moderna). Esta foliación presenta muchos errores.</subfield></datafield><datafield tag="500" ind1=" " ind2=" "><subfield code="a">Reclamos: En el margen inferior del vuelto del último folio del cuaderno. Tan solo se conserva la parte superior del ductus, y no en todas las ocasiones, como consecuencia del guillotinado.</subfield></datafield><datafield tag="500" ind1=" " ind2=" "><subfield code="a">Signatura cuaderno: No.</subfield></datafield><datafield tag="500" ind1=" " ind2=" "><subfield code="a">Pautado: No se aprecia.</subfield></datafield><datafield tag="500" ind1=" " ind2=" "><subfield code="a">Filigrana: Mano con trébol.</subfield></datafield><datafield tag="500" ind1=" " ind2=" "><subfield code="a">Signatura antigua: Junta 29</subfield></datafield><datafield tag="500" ind1=" " ind2=" "><subfield code="a">Anotaciones: Correcciones por el propio copista en los márgenes. En 138v hay una anotación posterior, con un poema en caracteres latinos, fechado en 1597.</subfield></datafield><datafield tag="510" ind1="3" ind2=" "><subfield code="a">Descripción: Julián Ribera y Miguel Asín, Manuscritos árabes y aljamiados de la Biblioteca de la Junta, Madrid, Junta para Ampliación de Estudios e Investigaciones Científicas, 1912, pp. 119-121.</subfield></datafield><datafield tag="510" ind1="4" ind2=" "><subfield code="a">Bibliografía: María José Cervera Fras, Manuscritos moriscos aragoneses, Zaragoza, IEIOP, 2010 (reproducción, p. 65). Alfredo Mateos y Juan Carlos Villaverde (eds.), Memoria de los moriscos. Escritos y relatos de una diáspora cultural, Madrid, SECC, 2010, pp. 205-206 (reproducción, p. 207).</subfield></datafield><datafield tag="520" ind1=" " ind2=" "><subfield code="a">3v-6v. [Introducción.] 7r-31r. “Capítulo de las obras con la voluntad”. 31r-39r. “Capítulo de quien callará”. 39v-51v. “Capítulo de bien, tiéngalo acerca”. 51v-58v. “Capítulo es acercada el aljana con las gribiezas”. 58v-74v. “Capítulo. Sed ruegadores y habréis gualardón”. 74v-80r. “Capítulo. No enpobrecerá quien despenderá con lo [que] da [la] razón”. 80r-90v. “Capítulo. No le afizarán al creyente de un horado dos vezes”. 91r-v. “Capítulo. A tú sea que te guardes de lo que es exculpado de ello”. 91v-107v. “Capítulo. Que en el declarar hay arte”. 107v-109r. “Capítulo. No es lo que oye como lo que vee”. 109r-117r. “Capítulo. Que el mejor nonbramiento es loncelado”. 117v-118r. “Capítulo. Mala cabalgadura la del onbre”. 118v-122r. “Capítulo. Así son los de mi palacio como según el arca de Nuh”. 122r-123v. “Capítulo. Cuando quiere Allah con el siervo bien, adúlçalo”. 123v-124r. “Capítulo. Basta con la salvación a lo que es malabtía”. 124r-125v. Capítulo. A las de veces alguna mandadera es más entendido que el oidor. 125v-127v. Capítulo. Si no que los demandantes mienten, no sería bueno quien los destorna. 127v-131r. Capítulo. Que se contienen palabras que las recontó el mensajero de Allah. 131r-134r. Capítulo de la rogaria que se acaba con ella el alquiteb.</subfield></datafield><datafield tag="530" ind1=" " ind2=" "><subfield code="a">María Pilar Martínez Olmo, Colección de manuscritos árabes y aljamiados de la Biblioteca del Instituto de Filología del CSIC [recurso electrónico]: los manuscritos de la Junta, Madrid, CSIC, 1998, 4 Cd-Rom.</subfield></datafield><datafield tag="541" ind1=" " ind2=" "><subfield code="a">Procedencia: Almonacid de la Sierra.</subfield><subfield code="b">Ingreso: Junio de 1910.</subfield></datafield><datafield tag="546" ind1=" " ind2=" "><subfield code="a">Aljamía y árabe</subfield><subfield code="b">con escritura magrebí</subfield></datafield><datafield tag="563" ind1=" " ind2=" "><subfield code="a">De época, restaurada, en piel roja. Las tapas originales se conservan de forma aislada; compuestas por cartón endurecido.</subfield></datafield><datafield tag="595" ind1=" " ind2=" "><subfield code="a">Ahmed Zakaría Ahmed, Edición y estudio del manuscrito aljamiado-morisco nº XXIX del CSIC, Madrid, UCM, tesis doctoral inédita, 1996.</subfield></datafield><datafield tag="650" ind1=" " ind2="7"><subfield code="a">Manuscritos árabes.</subfield><subfield code="2">CSICAU</subfield></datafield><datafield tag="650" ind1=" " ind2="7"><subfield code="a">Manuscritos aljamiados.</subfield><subfield code="2">CSICAU</subfield></datafield><datafield tag="830" ind1=" " ind2="0"><subfield code="a">Manuscripta</subfield></datafield><datafield tag="856" ind1="4" ind2="1"><subfield code="u">http://aleph.csic.es/imagenes/mad01/0006_PMSC/P_001227555_650966_V00.pdf</subfield><subfield code="z">Descargar Pdf completo (9.1M)</subfield><subfield code="m">CSIC</subfield></datafield><datafield tag="856" ind1="4" ind2="1"><subfield code="u">http://simurg.bibliotecas.csic.es/viewer/image/CSIC001227555/1/</subfield><subfield code="z">Ver texto completo en SIMURG, el portal de fondos digitalizados del CSIC</subfield><subfield code="m">CSIC</subfield></datafield><datafield tag="856" ind1="4" ind2="1"><subfield code="u">http://aleph.csic.es/imagenes/mad01/0006_PMSC/html/001227555.html</subfield><subfield code="z">Ver texto completo en Bookreader</subfield></datafield></record></metadata></record>